<record><leader>00000cas a22000007a 4500</leader><controlfield tag="001">15242673</controlfield><controlfield tag="008">870226d18641865lauwr ne      0    0eng d</controlfield><datafield ind1=" " ind2=" " tag="010"><subfield code="a">sn 86090831 </subfield></datafield><datafield ind1=" " ind2=" " tag="040"><subfield code="a">PPM</subfield><subfield code="b">eng</subfield><subfield code="c">PPM</subfield><subfield code="d">LNP</subfield><subfield code="d">OCLCQ</subfield><subfield code="d">DLC</subfield></datafield><datafield ind1=" " ind2=" " tag="042"><subfield code="a">msc</subfield></datafield><datafield ind1="0" ind2=" " tag="130"><subfield code="a">Natchitoches times (Natchitoches, La.)</subfield></datafield><datafield ind1="1" ind2="4" tag="245"><subfield code="a">The Natchitoches times.</subfield></datafield><datafield ind1="1" ind2="7" tag="246"><subfield code="a">Weekly Natchitoches times</subfield></datafield><datafield ind1=" " ind2=" " tag="260"><subfield code="a">Natchitoches [La.] :</subfield><subfield code="b">Louis Dupleix</subfield></datafield><datafield ind1=" " ind2=" " tag="300"><subfield code="a">v.</subfield></datafield><datafield ind1=" " ind2=" " tag="310"><subfield code="a">Weekly</subfield></datafield><datafield ind1="1" ind2=" " tag="362"><subfield code="a">Began in 1864; ceased in 1865?</subfield></datafield><datafield ind1=" " ind2=" " tag="500"><subfield code="a">"Official paper of the Parish of Natchitoches, La."</subfield></datafield><datafield ind1=" " ind2=" " tag="500"><subfield code="a">Printed on wallpaper: May 28, 1864.</subfield></datafield><datafield ind1=" " ind2=" " tag="588"><subfield code="a">Description based on: Old ser. v. 5, no. 1 (May 28, 1864).</subfield></datafield><datafield ind1=" " ind2=" " tag="752"><subfield code="a">United States</subfield><subfield code="b">Louisiana</subfield><subfield code="c">Natchitoches</subfield><subfield code="d">Natchitoches.</subfield></datafield><datafield ind1="0" ind2="0" tag="780"><subfield code="t">Natchitoches union</subfield><subfield code="x">2377-8164</subfield><subfield code="w">(DLC)sn 84020181</subfield><subfield code="w">(OCoLC)10449241</subfield></datafield><datafield ind1="0" ind2="0" tag="785"><subfield code="t">Semi-weekly Natchitoches times</subfield><subfield code="w">(DLC)sn 86053712</subfield></datafield></record>